%%
%% This is file `example/bare_thesis.bib',
%% generated with the docstrip utility.
%%
%% The original source files were:
%%
%% install/buptgraduatethesis.dtx  (with options: `bare-thesis-bib')
%% 
%% This file is a part of the example of BUPTGraduateThesis.
%% 

@BUPTGraduateThesisBSTCTL{BSTcontrol,
  CTLmaxnum_authors = "3",
  CTLswitch_chs_punc = "no"
}

@BOOK{CITATION_BOOK,
  author = "Lippman, Stanley B. and Lajoie, Jos{\'e}e",
  booktitle = "C++ Primer中文版",
  translator = "王刚 and 杨巨烽",
  edition = "5",
  address = "中国",
  publisher = "电子工业出版社",
  year = "2013",
  pages = "1-838",
  language = "chs",
  note = ""
}

@ARTICLE{CITATION_ARTICLE,
  author = "Erik Dahlman and Bj{\"o}rn Gudmundson and Mats Nilsson and Johan Sk{\"o}ld",
  title = "UMTS/IMT-2000 Based on Wideband CDMA",
  booktitle = "IEEE Communications Magazine",
  year = "1998",
  volume = "36",
  number = "9",
  pages = "70-80",
  multiseriesmsg = "year, volume, number and pages information for paper published in multi-series journals",
  note = ""
}

@PROCEEDINGS{CITATION_PROCEEDINGS,
  editor = "",
  booktitle = "Proceedings of IEEE Global Communications Conference (GLOBECOM'2008)",
  address = "New Orlean, USA",
  publisher = "IEEE",
  year = "2008",
  pages = "",
  note = ""
}

@INPROCEEDINGS{CITATION_INPROCEEDINGS,
  author = "Jindal, Nihar and Andrews, Jeffrey G. and Weber, Steven",
  title = "Rethinking MIMO for Wireless Networks: Linear Throughput Increases with Multiple Receive Antennas",
  booktitle = "Proceedings of IEEE International Conference on Communications (ICC'2009)",
  address = "Dresden, Germany",
  publisher = "IEEE",
  year = "2009",
  pages = "1-6",
  note = ""
}

@DISSERTATION{CITATION_DISSERTATION,
  author = "Mitola, Joseph",
  title = "Cognitive Radio: An Integrated Agent Architecture for Software Defined Radio",
  address = "Stockholm, Sweden",
  publisher = "Royal Institute of Technology",
  year = "2000",
  pages = "",
  note = ""
}

@TECHREPORT{CITATION_TECHREPORT,
  author = "Prasad, N. and Khojastepour, M. A. and Jiang, M. and Wang, X. and Rangarajan, S.",
  title = "MU-MIMO: Demodulation at the Mobile Station",
  address = "",
  publisher = "IEEE 802.16 Broadband Wireless Access Working Group",
  year = "2009",
  pages = "1-11",
  note = ""
}

@PATENT{CITATION_PATENT,
  author = "Paulraj, Arogyaswami J. and Heath, Jr, Robert W. and Sebastian, Peroor K. and Gesbert, David J.",
  title = "Spatial Multiplexing in a Cellular Network",
  address = "USA",
  series = "6067290",
  date = "2000-5-23",
  note = ""
}

@STANDARD{CITATION_STANDARD,
  author = "",
  series = "TS 36.211 V10.5.0",
  title = "Physical Channels and Modulation",
  address = "Valbonne, France",
  publisher = "3GPP",
  year = "2012-6",
  note = ""
}

@NEWSPAPER{CITATION_NEWSPAPER,
  author = "吴刚",
  title = "立陶宛进入欧元时代",
  booktitle = "人民日报",
  date = "2015-1-2",
  language = "chs",
  note = ""
}

@ELECTRONIC{CITATION_ELECTRONIC,
  author = "{百度百科}",
  title = "香农公式",
  etype = "EB",
  ehowpublished = "OL",
  source = "http://baike.baidu.com/view/747964.htm",
  date = "2013-10-28",
  language = "chs",
  note = ""
}

@ELECTRONIC{CHANGBANPO,
  author = "赵云 and 曹操 and 刘备 and 甘夫人 and 糜夫人",
  title = "长坂坡",
  etype = "EB",
  ehowpublished = "OL",
  source = "http://baike.baidu.com/subview/428389/5476054.htm",
  language = "chs"
}

@BOOK{SANGUOYANYI,
  author = "罗贯中",
  title = "三国演义",
  edition = "1",
  address = "山西太原",
  year = "元末明初",
  language = "chs"
}

@ELECTRONIC{BUPT_Thesis_Format_2014,
  title = "关于研究生学位论文格式的统一要求",
  author = "北京邮电大学研究生院培养与学位办公室",
  etype = "EB",
  ehowpublished = "OL",
  date = "2014-11",
  source = "http://www.bupt.edu.cn/",
  language = "chs"
}

@ELECTRONIC{BUPT_Thesis_Format_2004,
  title = "关于研究生学位论文格式的统一要求",
  author = "北京邮电大学研究生院培养与学位办公室",
  year = "2004",
  etype = "EB",
  ehowpublished = "OL",
  date = "2004",
  source = "http://www.bupt.edu.cn/",
  language = "chs"
}

@ELECTRONIC{latex-bupt,
  author = "王旭",
  title = "latex-bupt: \LaTeX style for {BUPT} thesis",
  year = "2007",
  etype = "EB",
  ehowpublished = "OL",
  date = "2009-01-14",
  source = "http://code.google.com/p/latex-bupt/",
  language = "chs"
}

@ELECTRONIC{buptthesis,
  author = "张煜",
  title = "北京邮电大学研究生学位论文 \LaTeX{} 文档类",
  year = "2009",
  dhowpublished = "online",
  refdate = "2013-07-06",
  source = "http://code.google.com/p/buptthesis/",
  language = "chs"
}

@inproceedings{tai2015improved,
  title={Improved Semantic Representations From Tree-Structured Long Short-Term Memory Networks},
  author={Tai, Kai Sheng and Socher, Richard and Manning, Christopher D},
  booktitle={Proceedings of the 53rd Annual Meeting of the Association for Computational Linguistics and the 7th International Joint Conference on Natural Language Processing (Volume 1: Long Papers)},
  volume={1},
  pages={1556--1566},
  year={2015}
}

@inproceedings{zhang2016dependency,
  title={Dependency Sensitive Convolutional Neural Networks for Modeling Sentences and Documents},
  author={Zhang, Rui and Lee, Honglak and Radev, Dragomir},
  booktitle={Proceedings of NAACL-HLT},
  pages={1512--1521},
  year={2016}
}
@inproceedings{yin2015multichannel,
  title={Multichannel Variable-Size Convolution for Sentence Classification},
  author={Yin, Wenpeng and Sch{\"u}tze, Hinrich},
  booktitle={Proceedings of the Nineteenth Conference on Computational Natural Language Learning},
  pages={204--214},
  year={2015}
}
@inproceedings{kiros2015skip,
  title={Skip-thought vectors},
  author={Kiros, Ryan and Zhu, Yukun and Salakhutdinov, Ruslan R and Zemel, Richard and Urtasun, Raquel and Torralba, Antonio and Fidler, Sanja},
  booktitle={Advances in neural information processing systems},
  pages={3294--3302},
  year={2015}
}
@inproceedings{le2014distributed,
  title={Distributed representations of sentences and documents},
  author={Le, Quoc and Mikolov, Tomas},
  booktitle={International Conference on Machine Learning},
  pages={1188--1196},
  year={2014}
}
@inproceedings{zhao2015self,
  title={Self-Adaptive Hierarchical Sentence Model.},
  author={Zhao, Han and Lu, Zhengdong and Poupart, Pascal},
  booktitle={IJCAI},
  pages={4069--4076},
  year={2015}
}
@inproceedings{zhang2016mgnc,
  title={MGNC-CNN: A Simple Approach to Exploiting Multiple Word Embeddings for Sentence Classification},
  author={Zhang, Ye and Roller, Stephen and Wallace, Byron C},
  booktitle={Proceedings of NAACL-HLT},
  pages={1522--1527},
  year={2016}
}

@article{zipf1935psychology,
  title={The psychology of language},
  author={Zipf, George K},
  journal={NY Houghton-Mifflin},
  year={1935}
}

@article{kim2014convolutional,
  title={Convolutional neural networks for sentence classification},
  author={Kim, Yoon},
  journal={arXiv preprint arXiv:1408.5882},
  year={2014}
}

@inproceedings{li2017initializing,
  title={Initializing Convolutional Filters with Semantic Features for Text Classification},
  author={Li, Shen and Zhao, Zhe and Liu, Tao and Hu, Renfen and Du, Xiaoyong},
  booktitle={Proceedings of the 2017 Conference on Empirical Methods in Natural Language Processing},
  pages={1884--1889},
  year={2017}
}

@article{yin2017comparative,
  title={Comparative study of cnn and rnn for natural language processing},
  author={Yin, Wenpeng and Kann, Katharina and Yu, Mo and Sch{\"u}tze, Hinrich},
  journal={arXiv preprint arXiv:1702.01923},
  year={2017}
}

@inproceedings{hu2016harnessing,
  title={Harnessing Deep Neural Networks with Logic Rules},
  author={Hu, Zhiting and Ma, Xuezhe and Liu, Zhengzhong and Hovy, Eduard and Xing, Eric},
  booktitle={Proceedings of the 54th Annual Meeting of the Association for Computational Linguistics (Volume 1: Long Papers)},
  volume={1},
  pages={2410--2420},
  year={2016}
}
@inproceedings{zhang2017sensitivity,
  title={A Sensitivity Analysis of (and Practitioners’ Guide to) Convolutional Neural Networks for Sentence Classification},
  author={Zhang, Ye and Wallace, Byron},
  booktitle={Proceedings of the Eighth International Joint Conference on Natural Language Processing (Volume 1: Long Papers)},
  volume={1},
  pages={253--263},
  year={2017}
}

@article{srivastava2014dropout,
  title={Dropout: A simple way to prevent neural networks from overfitting},
  author={Srivastava, Nitish and Hinton, Geoffrey and Krizhevsky, Alex and Sutskever, Ilya and Salakhutdinov, Ruslan},
  journal={The Journal of Machine Learning Research},
  volume={15},
  number={1},
  pages={1929--1958},
  year={2014},
  publisher={JMLR. org}
}

@inproceedings{li2016weighted,
  title={Weighted neural bag-of-n-grams model: New baselines for text classification},
  author={Li, Bofang and Zhao, Zhe and Liu, Tao and Wang, Puwei and Du, Xiaoyong},
  booktitle={Proceedings of COLING 2016, the 26th International Conference on Computational Linguistics: Technical Papers},
  pages={1591--1600},
  year={2016}
}

@inproceedings{zhining2016combining,
  title={Combining Statistics-Based and CNN-Based Information for Sentence Classification},
  author={Zhining, Lang and Xiaozhuo, Gu and Quan, Zhou and Taizhong, Xu},
  booktitle={Tools with Artificial Intelligence (ICTAI), 2016 IEEE 28th International Conference on},
  pages={1012--1018},
  year={2016},
  organization={IEEE}
}
@inproceedings{zhang2016dependency,
  title={Dependency Sensitive Convolutional Neural Networks for Modeling Sentences and Documents},
  author={Zhang, Rui and Lee, Honglak and Radev, Dragomir},
  booktitle={Proceedings of NAACL-HLT},
  pages={1512--1521},
  year={2016}
}
@inproceedings{zhao2015self,
  title={Self-adaptive hierarchical sentence model},
  author={Zhao, Han and Lu, Zhengdong and Poupart, Pascal},
  booktitle={Proceedings of the 24th International Conference on Artificial Intelligence},
  pages={4069--4076},
  year={2015},
  organization={AAAI Press}
}
@article{collobert2011natural,
  title={Natural language processing (almost) from scratch},
  author={Collobert, Ronan and Weston, Jason and Bottou, L{\'e}on and Karlen, Michael and Kavukcuoglu, Koray and Kuksa, Pavel},
  journal={Journal of Machine Learning Research},
  volume={12},
  number={Aug},
  pages={2493--2537},
  year={2011}
}
@inproceedings{pang2005seeing,
  title={Seeing stars: Exploiting class relationships for sentiment categorization with respect to rating scales},
  author={Pang, Bo and Lee, Lillian},
  booktitle={Proceedings of the 43rd annual meeting on association for computational linguistics},
  pages={115--124},
  year={2005},
  organization={Association for Computational Linguistics}
}
@inproceedings{socher2013recursive,
  title={Recursive deep models for semantic compositionality over a sentiment treebank},
  author={Socher, Richard and Perelygin, Alex and Wu, Jean and Chuang, Jason and Manning, Christopher D and Ng, Andrew and Potts, Christopher},
  booktitle={Proceedings of the 2013 conference on empirical methods in natural language processing},
  pages={1631--1642},
  year={2013}
}
@inproceedings{li2002learning,
  title={Learning question classifiers},
  author={Li, Xin and Roth, Dan},
  booktitle={Proceedings of the 19th international conference on Computational linguistics-Volume 1},
  pages={1--7},
  year={2002},
  organization={Association for Computational Linguistics}
}
@inproceedings{hu2004mining,
  title={Mining and summarizing customer reviews},
  author={Hu, Minqing and Liu, Bing},
  booktitle={Proceedings of the tenth ACM SIGKDD international conference on Knowledge discovery and data mining},
  pages={168--177},
  year={2004},
  organization={ACM}
}
@article{wiebe2005annotating,
  title={Annotating expressions of opinions and emotions in language},
  author={Wiebe, Janyce and Wilson, Theresa and Cardie, Claire},
  journal={Language resources and evaluation},
  volume={39},
  number={2-3},
  pages={165--210},
  year={2005},
  publisher={Springer}
}
@inproceedings{maas2013rectifier,
  title={Rectifier nonlinearities improve neural network acoustic models},
  author={Maas, Andrew L and Hannun, Awni Y and Ng, Andrew Y},
  booktitle={in ICML Workshop on Deep Learning for Audio, Speech and Language Processing},
  year={2013},
  organization={Citeseer}
}
@article{martineau2009delta,
  title={Delta TFIDF: An Improved Feature Space for Sentiment Analysis.},
  author={Martineau, Justin and Finin, Tim},
  year={2009}
}

@inproceedings{wang2012baselines,
  title={Baselines and bigrams: Simple, good sentiment and topic classification},
  author={Wang, Sida and Manning, Christopher D},
  booktitle={Proceedings of the 50th Annual Meeting of the Association for Computational Linguistics: Short Papers-Volume 2},
  pages={90--94},
  year={2012},
  organization={Association for Computational Linguistics}
}
@inproceedings{mikolov2013distributed,
  title={Distributed representations of words and phrases and their compositionality},
  author={Mikolov, Tomas and Sutskever, Ilya and Chen, Kai and Corrado, Greg S and Dean, Jeff},
  booktitle={Advances in neural information processing systems},
  pages={3111--3119},
  year={2013}
}
@article{lin2017structured,
  title={A structured self-attentive sentence embedding},
  author={Lin, Zhouhan and Feng, Minwei and Santos, Cicero Nogueira dos and Yu, Mo and Xiang, Bing and Zhou, Bowen and Bengio, Yoshua},
  journal={arXiv preprint arXiv:1703.03130},
  year={2017}
}
@inproceedings{sak2014long,
  title={Long short-term memory recurrent neural network architectures for large scale acoustic modeling},
  author={Sak, Ha{\c{s}}im and Senior, Andrew and Beaufays, Fran{\c{c}}oise},
  booktitle={Fifteenth annual conference of the international speech communication association},
  year={2014}
}
@article{bahdanau2014neural,
  title={Neural machine translation by jointly learning to align and translate},
  author={Bahdanau, Dzmitry and Cho, Kyunghyun and Bengio, Yoshua},
  journal={arXiv preprint arXiv:1409.0473},
  year={2014}
}
@inproceedings{pennington2014glove,
  title={Glove: Global vectors for word representation},
  author={Pennington, Jeffrey and Socher, Richard and Manning, Christopher},
  booktitle={Proceedings of the 2014 conference on empirical methods in natural language processing (EMNLP)},
  pages={1532--1543},
  year={2014}
}
@inproceedings{luong2015effective,
  title={Effective Approaches to Attention-based Neural Machine Translation},
  author={Luong, Thang and Pham, Hieu and Manning, Christopher D},
  booktitle={Proceedings of the 2015 Conference on Empirical Methods in Natural Language Processing},
  pages={1412--1421},
  year={2015}
}
@inproceedings{tang2015document,
  title={Document modeling with gated recurrent neural network for sentiment classification},
  author={Tang, Duyu and Qin, Bing and Liu, Ting},
  booktitle={Proceedings of the 2015 conference on empirical methods in natural language processing},
  pages={1422--1432},
  year={2015}
}
@article{krueger2016zoneout,
  title={Zoneout: Regularizing rnns by randomly preserving hidden activations},
  author={Krueger, David and Maharaj, Tegan and Kram{\'a}r, J{\'a}nos and Pezeshki, Mohammad and Ballas, Nicolas and Ke, Nan Rosemary and Goyal, Anirudh and Bengio, Yoshua and Courville, Aaron and Pal, Chris},
  journal={arXiv preprint arXiv:1606.01305},
  year={2016}
}
@incollection{NIPS2013_5032,
  title = {Adaptive dropout for training deep neural networks},
  author = {Ba, Jimmy and Frey, Brendan},
  booktitle = {Advances in Neural Information Processing Systems 26},
  editor = {C. J. C. Burges and L. Bottou and M. Welling and Z. Ghahramani and K. Q. Weinberger},
  pages = {3084--3092},
  year = {2013},
  publisher = {Curran Associates, Inc.},
  url = {http://papers.nips.cc/paper/5032-adaptive-dropout-for-training-deep-neural-networks.pdf}
}
@article{molchanov2017variational,
  title={Variational dropout sparsifies deep neural networks},
  author={Molchanov, Dmitry and Ashukha, Arsenii and Vetrov, Dmitry},
  journal={arXiv preprint arXiv:1701.05369},
  year={2017}
}
@article{hinton2012improving,
  title={Improving neural networks by preventing co-adaptation of feature detectors},
  author={Hinton, Geoffrey E and Srivastava, Nitish and Krizhevsky, Alex and Sutskever, Ilya and Salakhutdinov, Ruslan R},
  journal={arXiv preprint arXiv:1207.0580},
  year={2012}
}
@inproceedings{gal2015dropout,
  title={Dropout as a Bayesian approximation: Insights and applications},
  author={Gal, Yarin and Ghahramani, Zoubin},
  booktitle={Deep Learning Workshop, ICML},
  volume={1},
  pages={2},
  year={2015}
}
@incollection{NIPS2015_5666,
  title = {Variational Dropout and the Local Reparameterization Trick},
  author = {Kingma, Diederik P and Salimans, Tim and Welling, Max},
  booktitle = {Advances in Neural Information Processing Systems 28},
  editor = {C. Cortes and N. D. Lawrence and D. D. Lee and M. Sugiyama and R. Garnett},
  pages = {2575--2583},
  year = {2015},
  publisher = {Curran Associates, Inc.},
  url = {http://papers.nips.cc/paper/5666-variational-dropout-and-the-local-reparameterization-trick.pdf}
}

